@mastersthesis{Nilsson2013,
author = {Nilsson, Johan and Abraham, Shant},
title = {{Trailer Parking Assist (TPA)}},
year = {2013},
type  = {Master's Thesis}
}

@book{Sontag1998,
address = {New York},
author = {Eduardo D. Sontag},
isbn = {978-1-4612-0577-7},
publisher = {Springer},
series={Texts in Applied Mathematics},
title = {{Mathematical Control Theory: Deterministic Finite Dimensional Systems}},
year = {1998}
}

@book{Hinrichsen2005,
author = {D. Hinrichsen and A. Pritchard},
isbn = {978-3-540-26410-1},
publisher = {Springer},
series={Texts in Applied Mathematics},
title = {{Mathematical Systems Theory I: Modelling, State Space Analysis, Stability and Robustness}},
year = {2005}
}

@book{Hautus2001,
author = {H. Trentelman and A. A. Stoorvogel and M. Hautus},
isbn = {978-1-4471-0339-4},
publisher = {Springer London},
series={Communications and Control Engineering},
title = {{Control Theory for Linear Systems}},
year = {2001}
}

@book{steering,
author = {Reza N. Jazar},
isbn = {978-1-4614-8544-5},
publisher = {Springer-Verlag New York},
title = {{Vehicle Dynamics: Theory and Application}},
year = {2014}
}

@article{jack,
author = {Jimmy Chiu and Ambarish Goswami},
pages = {26},
title = {{The critical hitch angle for jackknife
avoidance during slow backing up of
vehicleâ€“trailer systems}},
year = {2014}
}